@book{robert2007bayesian,
  title={The Bayesian choice: from decision-theoretic foundations to computational implementation},
  author={Robert, Christian},
  year={2007},
  publisher={Springer Science \& Business Media}
}
@article{andrieu2003introduction,
	title={An introduction to MCMC for machine learning},
	author={Andrieu, Christophe and De Freitas, Nando and Doucet, Arnaud and Jordan, Michael I},
	journal={Machine learning},
	volume={50},
	number={1-2},
	pages={5--43},
	year={2003},
	publisher={Springer}
}
@book{robert2004monte,
	title={Monte carlo methods},
	author={Robert, Christian P},
	year={2004},
	publisher={Wiley Online Library}
}
@article{green2009reversible,
	title={Reversible jump MCMC},
	author={Green, Peter J and Hastie, David I},
	journal={Genetics},
	volume={155},
	number={3},
	pages={1391--1403},
	year={2009}
}
@online{python,
	title = {Python},
	note = {https://www.python.org/},
}
@online{theano,
	title = {Theano},
	note = {http://deeplearning.net/software/theano/},
}
@online{numpy,
	title = {NumPy},
	note = {http://www.numpy.org/},
}
@online{scipy,
	title = {SciPy},
	note = {https://www.scipy.org/},
}
